% !TEX root = main-tsoreduction.tex
@article{SSO+2010,
 author = {Sewell, Peter and Sarkar, Susmit and Owens, Scott and Nardelli, Francesco Zappa and Myreen, Magnus O.},
 title = {X86-TSO: A Rigorous and Usable Programmer's Model for x86 Multiprocessors},
 journal = {Commun. ACM},
 volume = {53},
 number = {7},
 month = jul,
 year = {2010},
 pages = {89--97},
 publisher = {ACM},
 address = {New York, NY, USA},
} 


@article{Lip1975,
 author = {Lipton, Richard J.},
 title = {Reduction: A Method of Proving Properties of Parallel Programs},
 journal = {Commun. ACM},
 volume = {18},
 number = {12},
 month = dec,
 year = {1975},
 pages = {717--721},
 publisher = {ACM},
 address = {New York, NY, USA},
} 

@inproceedings{Owe2010,
 author = {Owens, Scott},
 title = {Reasoning About the Implementation of Concurrency Abstractions on x86-TSO},
 booktitle = {Proceedings of the 24th European Conference on Object-oriented Programming},
 year = {2010},
 pages = {478--503},
 publisher = {Springer-Verlag},
 address = {Berlin, Heidelberg},
} 
